%% This BibTeX bibliography file was created using BibDesk.
%% http://bibdesk.sourceforge.net/

%% Created for バン ハオ at 2015-08-10 18:37:25 +0900 


%% Saved with string encoding Unicode (UTF-8) 



@article{ref:three,
	Author = {Third Reference},
	Date-Added = {2015-08-10 09:37:01 +0000},
	Date-Modified = {2015-08-10 09:37:23 +0000},
	Journal = {faf},
	Title = {asddf},
	Year = {2014}}

@article{ref:two,
	Author = {Second Reference},
	Date-Added = {2015-08-10 09:36:35 +0000},
	Date-Modified = {2015-08-10 09:36:57 +0000},
	Journal = {As},
	Title = {ASD},
	Year = {2015}}

@article{ref:paper,
	Author = {qweqwe},
	Date-Added = {2015-08-10 09:21:48 +0000},
	Date-Modified = {2015-08-10 09:22:28 +0000},
	Journal = {qweqwe},
	Title = {qweqwe},
	Year = {2015}}
